<?xml version="1.0" encoding="UTF-8"?><collection xmlns="http://www.loc.gov/MARC21/slim"><record><leader>00563nam--2200169-i-4500</leader><controlfield tag="001">000040566</controlfield><controlfield tag="002">20161230</controlfield><controlfield tag="005">20161230201042</controlfield><controlfield tag="008">060222s1000------------r-----000-0-eng-d</controlfield><datafield ind1=" " ind2=" " tag="040"><subfield code="a">IFIN-HH</subfield></datafield><datafield ind1=" " ind2=" " tag="080"><subfield code="a">532.135:541.182.413</subfield></datafield><datafield ind1="1" ind2=" " tag="100"><subfield code="a">Sherman, P</subfield></datafield><datafield ind1="1" ind2="0" tag="245"><subfield code="a">Rheology of Emulsions</subfield><subfield code="b">Proceedings of a Symposium Held by the British Society of Rheology at the St. George's Hotel, Harrogate, Otober, 1962</subfield><subfield code="c">P. Sherman</subfield></datafield><datafield ind1=" " ind2=" " tag="260"><subfield code="a">Oxford</subfield><subfield code="b">Pergamon Press</subfield><subfield code="c">1963</subfield></datafield><datafield ind1=" " ind2=" " tag="490"><subfield code="a">Symposium Publications Division</subfield></datafield><datafield ind1=" " ind2=" " tag="852"><subfield code="a">13889</subfield><subfield code="c">532</subfield></datafield><datafield ind1=" " ind2=" " tag="CAT"><subfield code="a">Sys</subfield><subfield code="c">20100713</subfield><subfield code="h">094848</subfield></datafield></record></collection>